%%% White's "Viscous Fluid Flow"
@Book{white_viscous_fluid_flow,
  author = 	 {Frank M. White},
  title = 	 {Viscous Fluid Flow},
  publisher = 	 {McGraw Hill},
  year = 	 {1991},
  edition = 	 {2nd}
}

%%% Babuska's AEARFEC
@Book{aearfec_babuska,
  author =       {I.~Babuska and O.~C. Zienkiewicz and J. Gago and E.~R.~A. Oliviera},
  title =        {Accuracy Estimates and Adaptive Refinements in Finite Element Computations},
  publisher =    {Wiley},
  year =         {1986}
}

%%% Babuska & Rheinboldt, 1982
@Article{babuska_rheinboldt_1982,
  author =       {I. Babuska and W.~C. Rheinboldt},
  title =        {Computational Error Estimates and Adaptive Processes for Some Nonlinear Structural Problems.}, 
  journal =      {Computer Methods in Applied Mechanics and Engineering},
  year =         1982,
  volume =       34,
  pages =        {895--937}
}

%%% Flaherty Paslow Shephard Vasilakis
@Book{flaherty_paslow_shephard_vasilakis,
  editor =       {J.~E. Flaherty and P.~J. Paslow and M.~S. Shephard
and J.~D. Vasilakis},
  title =        {Adaptive Methods for Partial Differential Equations},
  publisher =    {SIAM},
  year =         1989
}

%%% Shephard Baehmann Grice
@Article{shephard_baehmann_grice,
  author =       {M.~S. Shephard and P.~L. Baehmann and K.~R. Grice},
  title =        {The Versatility of Automatic Mesh Generators Based on Tree Structures and Advanced Geometric Constructs},
  journal =      {CANM},
  year =         1988,
  volume =       4,
  pages =        {379--392}
}

%%% Wahlbin - Superconvergence
@Book{wahlbin_superconvergence,
  author =       {L.~B. Wahlbin},
  title =        {Superconvergence in Galerkin Finite Element Methods},
  publisher =    {Springer},
  year =         1995
}

%%% Varis' PhD thesis
@PhDThesis{varis_thesis,
  author =       {V. Carey},
  type =         {Ph.D. Thesis},
  school =       {CAM dept., Cornell University},
  title =        {A Posteriori Error Estimation for the Finite Element Method via Local Averaging},
  month =        {August},
  year =         2005
}

%%% SLEPc journal article
%@Article{slepc_acm,
  author =       {V.~Hernandez and J.~E.~Roman and V.~Vidal},
  title =        {SLEPc: A Scalable and Flexible Toolkit for the Solution of Eigenvalue Problems},
  journal =      {ACM Trans. Math. Softw.},
  year =         2005,
  volume =       31,
  number =       3,
  pages =        {351--362}
}

%%% Panton's "Incompressible Flow"
@Book{panton_incompressible_flow,
  author = 	 {Ronald L. Panton},
  title = 	 {Incompressible Flow},
  publisher = 	 {John Wiley \& Sons},
  year = 	 {1996},
  edition = 	 {2nd}
}

%%% Carey - Volume 1
@Book{becker_carey_oden_volume_1,
  author = 	 {Eric B. Becker and Graham F. Carey and J. Tinsley Oden},
  title = 	 {Finite Elements -- An Introduction},
  publisher = 	 {Prentice Hall},
  year = 	 {1981},
  volume = 	 {1}
}

%%% FEF - Volume 5
@Book{gallagher_fef_vol5,
  editor = 	 {R.~H. Gallagher and J.~T. Oden and O.~C. Zienkiewicz and T. Kawai and M. Kawahara},
  title = 	 {Finite Elements in Fluids},
  publisher = 	 {John Wiley \& Sons},
  year = 	 {1984},
  volume = 	 {5}
}

%%% HCFM - Peyret
@Book{hcfm_peyret,
  editor = 	 {Roger Peyret},
  title = 	 {Handbook of Computational Fluid Mechanics},
  publisher = 	 {Academic Press},
  year = 	 {1996}
}

%%% Linear Algebra - Strang
@Book{strang_linear_algebra,
  author = 	 {Gilbert Strang},
  title = 	 {Linear Algebra and its Applications},
  publisher = 	 {Harcourt Brace Jovanovich},
  year = 	 {1988},
  edition = 	 {3rd}
}

%%% Parallel surface tension, Carey/McLay/Barth/Swift/Kirk
@InProceedings{carey_world_scientific_2000,
  author = 	 {G.~F. Carey and R. McLay and W. Barth and S. Swift and B. Kirk},
  title = 	 {Distributed Parallel Simulation of Surface Tension Driven Viscous Flow and Transport Processes},
  booktitle =    {{Computational Fluid Dynamics: Proceedings of the Fourth UNAM Supercomputing Conference}},
  pages = 	 {143--155},
  year = 	 {2000},
  month = 	 {June},
  publisher =    {World Scientific},
  editor =       {Eduardo Ramos and Gerardo Cisneros and Rafael Fern\'{a}ndez-Flores and Alfredo Santill\'{a}n-Gonz\'{a}lez}
}

%%% Least-Squares  fluid mixing, Carey/Shen
@Article{carey1995,
  author = 	 {G.~F. Carey and Y. Shen},
  title = 	 {Simulation of fluid mixing using least--squares finite elements \& particle tracing },
  journal = 	 {Int. J. Num. Meth. Heat and Fluid Flow},
  year = 	 1995,
  volume =	 5,
  pages =	 {549--573}
}

%%% Dr. Carey's grid book
@Book{carey_gridbook,
  author =       {G.~F. Carey},
  title =        {Computational Grids: Generation, Adaptation, and Solution Strategies},
  publisher =    {Taylor \& Francis},
  year =         {1997}
}

%%% Modelling error paper
@Article{modelling_error,
  author = 	 {{G.~F.} Carey and W. Barth and J.~A. Woods and B.~S. Kirk and M.~L. Anderson and S. Chow and W. Bangerth},
  title = 	 {Modelling error and constitutive relations in simulation of flow and transport},
  journal = 	 {International Journal for Numerical Methods in Fluids},
  year = 	 {2004},
  volume = 	 {46},
  pages = 	 {1211--1236},
}

%%% BAIL paper
@Article{carey_bail_2004,
 author =        {G.~F. Carey and M. Anderson and B. Carnes and B. Kirk},
 title =         {Some aspects of adaptive grid technology related to boundary and interior layers},
 journal =       {J. Comput. Appl. Math.},
 volume =        {166},
 number =        {1},
 year =          {2004},
 issn =          {0377-0427},
 pages =         {55--86},
 doi =           {http://dx.doi.org/10.1016/j.cam.2003.09.036},
 publisher =     {Elsevier Science Publishers B. V.},
}
  
%%% Kelly flux-jump error indicator
@Article{kelly_error_1983,
  author =       {D.~W. Kelly and J.~P. Gago and O.~C. Zienkiewicz and I.~Babuska},
  title =        {A posteriori error analysis and adaptive processes in the finite element method: Part {I} Error analysis},
  journal =      {Int. J. Num. Meth. Engng.},
  year =         {1983},
  volume =       {19},
  pages =        {1593--1619}
}

%%% reference for Holden Mach 11.68 shock ramp problem
@Book{hypersonic_benchmarks,
  author =       {R. Abgrall and J.-A. D\'{e}sid\'{e}ri and R. Glowinski and M. Mallet and J. P\'{e}riaux},
  title  =       {Hypersonic flows for reentry problems},
  publisher =    {Springer-Verlag},
  year =         1991,
  volume =       3
}

%%% reference for SSI DSMC calculation
@Misc{onera-dsmc-type4,
  author =       {J.~N. Moss and T. Pot and B. Chanetz and M. Lefebvre},
  title  =       {{DSMC} simulation of shock/shock interactions: emphasis on type {IV} interactions},   
  howpublished = {22$^{nd}$ International Symposium on Shock Waves},
  month =        {July},
  year =         1999
}

%%% reference for SSI DSMC calculation
@Misc{onera-hypersonic-ssi,
  author =       {T. Pot and B. Chanetz and M. Lefebvre and P. Bouchardy},
  title  =       {Fundamental study of shock/shock interference in low density flow},
  howpublished = {21$^{st}$ International Symposium on Rarefied Gas Dynamics},
  year =         1998
}

%%% Edney's shock-shock interaction monograph
@TechReport{edney-ssi,
  author =       {B. Edney},
  title  =       {Anomalous heat transfer and pressure distributions on blunt bodies at hypersonic speeds in the presence of an impinging shock},
  institution =  {Flygtekniska F\"{o}rs\"{o}ksanstalten (the Aeronautical Research Institute of Sweden)},
  address =      {Stockholm},
  year =         1968
}

%%% CHEM Finite Volume code
@TechReport{chem-fv-algorithm,
  author =       {E.~A. Luke and X. Tong and J. Wu and L. Tang and P. Cinnella},
  title =        {A chemically reacting flow solver for generalized grids},
  institution =  {Mississippi State},
  year =         1999
}

%%% Spatial Patterns in Biology
@Article{spatial_patters_in_bio,
  author =       {J.~D. Murray and J. Cook and R. Tyson and S.~R. Lubkin},
  title =        {Spatial Pattern Formation in Biology: {I.} Dermal Wound Healing. {II.} Bacterial Patterns},
  journal =      {Journal of the Franklin Institute},
  year =         1998,
  volume =       335,
  number =       2,
  pages =        {303-332}
}

%%% Patterns in E.Coli
@Article{berg_patterns_ecoli,
  author = 	 {E.~O. Budrene and H.~C. Berg},
  title = 	 {Complex patterns formed by motile cells of {\emph{Escherichia coli}}},
  journal = 	 {Nature},
  year = 	 {1991},
  volume = 	 {349},
  pages = 	 {630--633},
}

%%% Patterns in chemotactic bacteria
@Article{berg_patterns_nature,
  author = 	 {E.~O. Budrene and H.~C. Berg},
  title = 	 {Dynamics of formation of symmetrical patterns by chemotactic bacteria},
  journal = 	 {Nature},
  year = 	 {1995},
  volume = 	 {376},
  pages = 	 {49--53},
}

%%% Spatio-temporal pattenrs
@Article{spatio_temporal_patterns,
  author =       {D.~E. Woodward and R. Tyson and M.~R. Myerscough and J.~D. Murray and E.~O. Budrene and H.~C. Berg},
  title =        {Spatio-temporal Patterns Generated by Salmonella Typhimurium},
  journal =      {Biophysical Journal},
  year =         1995,
  volume =       68,
  pages =        {2181-2189}
}

%%% Amanda Staelens Masters Thesis
@MastersThesis{staelens_thesis,
  author =       {A.~J. Staelens},
  title  =       {Numerical solutions of a class of nonlinear reaction-diffusion {PDE} systems},
  school =       {The University of Texas at Austin},
  year   =       {2002}
}


%%% Jay LeBeau's Masters Thesis
@MastersThesis{gjlebeau_thesis,
  author =       {G.~J. LeBeau},
  title  =       {The Finite Element Computation of Compressible Flow},
  school =       {The University of Minnesota},
  year   =       {1990}
}

%%% Sharouz Aliabadi's PhD thesis
@PhdThesis{skaliabadi_dissertation,
  author =       {S.~K. Aliabadi},
  title  =       {Parallel Finite Element Computations in Aerospace Applications},
  school =       {The University of Minnesota},
  year   =       {1994}
}

%%% Philip Capon's PhD thesis
@PhDThesis{pjcapon_dissertation,
  author =       {P.~J. Capon},
  title  =       {Adaptive Stable Finite Element Methods for the Compressible {Navier-Stokes} Equations},
  school =       {The University of Leeds},
  year   =       {1995}
}

%%% Computational Fluid Mechanics & Heat Transfer
@Book{cfmht,
  author =       {J.~C. Tannehill and D.~A. Anderson and R.~H. Pletcher},
  title  =       {Computational Fluid Mechanics and Heat Transfer},
  publisher =    {Taylor \& Francis, Washington, D.C.},
  edition =      {2nd},
  year =         1997
}

%%% Dolling's shockwave boundary-layer paper
@Article{dolling_swbli,
  author = 	 {D.~S. Dolling},
  title = 	 {{50 Years of Shock Wave/Boundary Layer Interaction Research: What Next?}},
  journal = 	 {AIAA Journal},
  year = 	 {2001},
  volume = 	 {39},
  Tnumber = 	 {8},
  OPTpages = 	 {1517--1531}
}

%%% Efficient WENO - JCP
@Article{jang_shu_weno_JCP,
  author =       {G. Jiang and C.-W. Shu},
  title =        {Efficient implementation of weighted {ENO} schemes},
  journal =      {Journal of Computational Physics},
  year =         1996,
  volume =       126,
  pages =        {202-228}
}
 
%%% High-order FD, FV, DG - ICASE
@TechReport{shu_fd_fv_dg_icase,
  author =       {C.-W. Shu},
  title =        {High order finite difference and finite volume {WENO} schemes and discontinuous Galerkin methods for {CFD}},
  number =       {ICASE Report No.~2001-11},
  institution =  {Brown University},
  address =      {Providence, Rhode Island},
  month =        May,
  year =         2001
}

%%% Hauke/Hughes - compressible GLS, variable choice
@Article{hauke_hughes_compressible_variables,
  author =       {G. Hauke and T.~J.~R. Hughes},
  title =        {A comparative study of different sets of variables for solving compressible and incompressible flows},
  journal =      {Computer Methods in Applied Mechanics and Engineering},
  year =         1998,
  volume =       153,
  pages =        {1-44}
}

%%% SUPG & mesh-free - Fries
@TechReport{fries_matthies_supg_meshfree,
  author = 	 {Thomas-Peter Fries and Hermann G. Matthies},
  title = 	 {A Review of Petrov-Galerkin Stabilization Approaches and an Extension to Meshfree Methods},
  institution =  {Institute of Scientific Computing, Technical University Braunschweig},
  year = 	 {2004},
  OPTkey = 	 {},
  OPTtype = 	 {},
  number = 	 {2004-01},
  month = 	 {March},
}

%%% NACA 1135
@TechReport{naca_1135,
  author =       {{Ames Research Staff}},
  title =        {Equations, tables, and charts for compressible flow},
  number =       {{NACA 1135}},
  institution =  {National Advisory Committee for Aeronautics},
  year =         1953
}
  
%%% Tannehill curve fits
@TechReport{tannehill_curve_fits,
  author =       {J.~C. Tannehill and P.~H. Mugge},
  title =        {Improved curve fits for the thermodynamic properties of equilibrium air suitable for numerical computation using time-dependent or shock-capturing methods},
  number =       {{NASA CR-2470}},
  institution =  {National Aeronautics and Space Administration},
  month =        {October},
  year =         1974
}

%%% Hypersonic Taylor-Galerkin
@Article{hypersonic_taylor_galerkin,
  author =       {M.~P. Kessler and A.~M. Awruch},
  title =        {Analysis of hypersonic flows using finite elements with {Taylor--Galerkin} scheme},
  journal =      {International Journal for Numerical Methods in Fluids},
  year =         2004,
  volume =       44,
  pages =        {1355-1376}
}

%%% Hughes/Mallet - SUPG
@Article{hughes_mallet_SUPG,
  author =       {T.~J.~R. Hughes and M. Mallet},
  title =        {A new finite element formulation for computational fluid dynamics: {III.} The generalized streamline operator for multidimensional advective--diffusive systems},
  journal =      {Computer Methods in Applied Mechanics and Engineering},
  year =         1986,
  volume =       58,
  pages =        {305-328}
}

%%% Hughes/Franca/Hullbert GLS
@Article{hughes_franca_hullbert_GLS,
  author =       {T.~J.~R. Hughes and L.~P. Franca and G.~M. Hullbert},
  title =        {A new finite element formulation for computational fluid dynamics: {VIII.} The Galerkin/least--squares method advective--diffusive equations},
  journal =      {Computer Methods in Applied Mechanics and Engineering},
  year =         1989,
  volume =       73,
  pages =        {173-189}
}

%%% Hughes/Mallet - shock capturing
@Article{hughes_shock_capturing,
  author =       {T.~J.~R. Hughes and M. Mallet},
  title =        {A new finite element formulation for computational fluid dynamics: {IV.} A discontinuity operator for multidimensional advective--diffusive systems},
  journal =      {Computer Methods in Applied Mechanics and Engineering},
  year =         1986,
  volume =       58,
  pages =        {329-336}
}

%%% Shakib/Hughes/Johan - compressible Euler and NS
@Article{shakib_hughes_ns,
  author =       {Farzin Shakib and Thomas J.~R. Hughes and Zden\v{e}k Johan},
  title =        {A new finite element formulation for computational fluid dynamics: {X.} The compressible {Euler} and {Navier--Stokes} equations},
  journal =      {Computer Methods in Applied Mechanics and Engineering},
  year =         1991,
  volume =       89,
  pages =        {141-219}
}

%%% Johan/Hughes/Shakib - matrix-free
@Article{johan_hughes_shakib_mf,
  author =       {Zden\v{e}k Johan and Thomas J.~R. Hughes and Farzin Shakib},
  title =        {A globally convergent matrix-free algorithm for implicit time-marching schemes arising in finite element analysis in fluids},
  journal =      {Computer Methods in Applied Mechanics and Engineering},
  year =         1991,
  volume =       87,
  pages =        {281-304}
}

%%% Iserles - numerical analysis
@Book{iserles_numerical_analysis,
  author = 	 {A. Iserles},
  title = 	 {A first course in the numerical analysis of differential equations},
  publisher = 	 {Cambridge University Press},
  year = 	 {1996}
}

%%% Kirk/Lipnikov/Carey - nested iteration
@Article{kirk_lipnikov_cmg,
  author = 	 {B. Kirk and K. Lipnikov and G.~F. Carey},
  title = 	 {Nested Grid Iteration for Incompressible Viscous Flow and Transport},
  journal = 	 {International Journal of Computational Fluid Dynamics},
  year = 	 {2003},
  volume = 	 {17},
  number = 	 {4},
  pages = 	 {253-262},
  month = 	 {August}
}

%%% Kelly/Gago/Zienkiewicz/Babuska
@Article{kelly_gago_zienkiewicz_babuska_error,
  author = 	 {D.~W. Kelly and {J.~P. De~S.~R.} Gago and O.~C. Zienkiewicz and I. Babuska},
  title = 	 {A Posteriori Error Analysis and Adaptive Processes in the Finite Element Method: Part {I}--Error Analysis},
  journal = 	 {International Journal for Numerical Methods in Engineering},
  year = 	 {1983},
  volume = 	 {19},
  pages = 	 {1593--1619}
}

%%% Gresho - "Incompressible Flow and the Finite Element Method"
@Book{Gres-1998,
  author = {P.~M.~Gresho and R.~L.~Sani},
  title = {{Incompressible Flow and the Finite Element Method}},
  publisher = {John Wiley and Sons},
  year = 1998
}

@Book{heath:sci_computing,
  author = {M.~Heath},
  title = {{Scientific Computing:  An Introductory Survey}},
  publisher = {McGraw-Hill Series in Computer Science},
  year = 1997,
  pages = 258
}

@Article{guermond:uncond_stable,
  author = {J.-L.~Guermond and L.~Quartapelle},
  title = {{Calculation of incompressible viscous flows by an unconditionally stable projection FEM}},
  journal = {J. Computational Physics},
  year = 1997,
  volume = 132,
  pages = {12--33}
}

@Article{freund:tfqmr,
  author = {R.~W.~Freund},
  title = {{A transpose-free quasi-minimum residual algorithm for non-Hermitian linear systems}},
  journal = {SIAM J. of Scientific Computing},
  year = 1993,
  volume = 14,
  pages = {470--482}
}

%%% PETSc User's manual
@TechReport{balay:petsc_manual,
  author       = "Satish Balay and Kris Buschelman and Victor Eijkhout and William D. Gropp and Dinesh Kaushik and Matthew G. Knepley and Lois Curfman McInnes and Barry F. Smith and Hong Zhang",
   title       = "{PETS}c Users Manual",
   number      = "ANL-95/11 - Revision 2.1.5",
   institution = "Argonne National Laboratory",
   year        = "2004"
}

%%% PETSc efficient data structures
@InProceedings{petsc-efficient,
    Author     = "Satish Balay and Victor Eijkhout and William D. Gropp and Lois Curfman McInnes and Barry F. Smith",
   Title       = "Efficient Management of Parallelism in Object Oriented Numerical Software Libraries",
    Booktitle  = "Modern Software Tools in Scientific Computing",
    Editor     = "E. Arge and A. M. Bruaset and H. P. Langtangen",
    Pages      = "163--202",
    Publisher  = "Birkh{\"{a}}user Press",
    Year       = "1997"
} 

%%% METIS Tech Report
@TechReport{karypis:metis,
  author = {G.~Karypis and V.~Kumar},
  title = {{METIS unstructured graph partitioning and sparse matrix order}},
  institution = {University of Minnesota, Department of Computer Science},
  day = {26},
  month = {August},
  year = {1995}
}

%% ParMETIS

@Article{karypis:parmetis,
  author = 	 {G. Karypis and V. Kumar},
  title = 	 {A parallel algorithm for multilevel graph partitioning and sparse matrix reordering},
  journal = 	 {Parallel and Distributed Computing},
  year = 	 {1998},
  volume = 	 {48},
  pages = 	 {71--95}
}

@misc{karypis98parallel,
  author = "",
  title =  "A parallel algorithm for multilevel graph partitioning and sparse matrix reordering",
  text = "Karypis, G. & Kumar, V. A parallel algorithm for multilevel graph partitioning
    and sparse matrix reordering. Journal of Parallel and Distributed Computing,
    vol. 48 (1998) pp. 71-95.",
  year = "1998",
  url = "citeseer.ifi.unizh.ch/article/karypis98parallel.html" }
%%% Boussinesq
@Book{Bous-1903,
  author = {J.~Boussinesq},
  title = {{Th$\acute{\text{e}}$orie Analytique de la Chaleur, Vol 2.}},
  publisher = {Gauthier-Villars, Paris},
  year = 1903,
  pages = {154--176}
}

%%% Papadrakakis - Large-Scale problems in mechanics
@Book{papadrakakis_large_scale_problems,
  editor = 	 {M. Papadrakakis},
  title = 	 {Solving Large--Scale Problems in Mechanics},
  publisher = 	 {John Wiley \& Sons},
  year = 	 {1993}
}

%%% Golub & Van Loan
@Book{golub_van_loan,
  author = 	 {Gene H. Golub and Charles F. {Van Loan}},
  title = 	 {Matrix Computations},
  publisher = 	 {The Johns Hopkins University Press},
  year = 	 {1996},
  edition = 	 {3rd}
}

@Article{BD96,
  author = 	 {F. Bornemann and P. Deuflhard},
  title = 	 {The cascadic multigrid method for elliptic problems},
  journal = 	 {Numerical Mathematics},
  year = 	 {1996},
  volume = 	 {75},
  pages = 	 {135--152}
}

@Article{BraDah99,
  author = 	 {D. Braess and W. Dahmen},
  title = 	 {A cascadic multigrid algorithm for the {Stokes} problem},
  journal = 	 {Numerical Mathematics},
  year = 	 {1999},
  volume = 	 {82},
  pages = 	 {179--191}
}

@Article{BraPasWanXu91,
  author = 	 {J. Bramble and J. Pasciak and J. Wang and J. Xu},
  title = 	 {Convergence estimates for multigrid algorithms without regularity assumptions},
  journal = 	 {Mathematical Computation},
  year = 	 {1991},
  volume = 	 {57},
  pages = 	 {23--45}
}

@Article{CarHum81,
  author = 	 {G.~F. Carey and D.~L. Humphrey},
  title = 	 {Mesh refinement and iterative solution methods},
  journal = 	 {International Journal for Numerical Methods in Fluids},
  year = 	 {1981},
  volume = 	 {17},
  pages = 	 {1717--1734}
}

@Article{CarSea85,
  author = 	 {G.~F.Carey and M. Seager},
  title = 	 {Projection and iteration in adaptive finite element refinement},
  journal = 	 {International Journal for Numerical Methods in Engineering},
  year = 	 {1985},
  volume = 	 {21},
  pages = 	 {1681--1695}
}

@Article{ijnmf98,
  author = 	 {G.~F. Carey and R. McLay and G. Bicken and and B. Barth},
  title = 	 {Parallel Finite Element Solution of 3D Rayleigh-B\'{e}nard-Marangoni Flows},
  journal = 	 {International Journal for Numerical Methods in Fluids},
  year = 	 {1999},
  volume = 	 {31},
  pages = 	 {37--52}
}

@Book{Cia78,
  author = 	 {P.~J. Ciarlet},
  title = 	 {The Finite Element Method for Elliptic Problems},
  publisher = 	 {North-Holland, Amsterdam},
  year = 	 {1978},
}

@TechReport{DKO97,
  author = 	 {A. Dervieux and G.~M. Kobelkov and M.~A. Ol'shanskii},
  title = 	 {Effective preconditioning of Uzawa type schemes for generalized {Stokes} problems},
  institution =  {Mathematical Institute},
  year = 	 {1997},
  address = 	 {Nijmegen, Netherlands},
  month = 	 {June}
}

@InProceedings{Deu94,
  author = 	 {P. Deuflhard},
  title = 	 {Cascadic conjugate gradient methods for elliptic partial differential equations: algorithm and numerical results},
  booktitle =    {Domain Decomposition Methods in Scientific and Engineering Computing},
  pages = 	 {29--42},
  year = 	 {1994},
  editor = 	 {D. Keyes and J. Xu},
  volume = 	 {180},
  series = 	 {AMS}
}

@Book{Hac85,
  author = 	 {W. Hackbusch},
  title = 	 {Multi-Grid Methods and Applications},
  publisher = 	 {Springer-Verlag},
  year = 	 {1985},
  address = 	 {Berlin, Heidelberg, New York},
}

@Article{ZoltanOverviewArticle,
   author = {Karen Devine and Erik Boman and Robert Heaphy and Bruce Hendrickson and Courtenay Vaughan},
   title = {{Zoltan} Data Management Services for Parallel Dynamic Applications},
   journal = {Computing in Science and Engineering},
   year = {2002},
   volume = {4},
   number = {2},
   pages = {90--97}
}

@Article{Sha96,
  author = 	 {V. Shaidurov},
  title = 	 {Some estimates of the rate of convergence for the cascadic conjugate-gradient method},
  journal = 	 {Journal of Computational Applied Mathematics},
  year = 	 {1996},
  volume = 	 {31},
  pages = 	 {161--171}
}

@TechReport{ShaGil96,
  author = 	 {V. Shaidurov and L. Gilova},
  title = 	 {A cascadic multigrid method algorithm in the finite element method for the plane elasticity problem},
  institution =  {Weierstrass Institute for Applied Analysis and Stochastics},
  year = 	 {1996},
  number = 	 {296},
  address = 	 {Berlin}
}

@Article{ShiXu98,
  author = 	 {Z. Shi and X. Xu},
  title = 	 {Cascadic multigrid method for the plate bending problem},
  journal = 	 {East-West Journal of Numerical Mathematics},
  year = 	 {1998},
  volume = 	 {6},
  pages = 	 {137--153}
}

@Article{ShiXu99,
  author = 	 {Z. Shi and X. Xu},
  title = 	 {Cascadic multigrid method for parabolic problems},
  journal = 	 {East-West Journal of Numerical Mathematics},
  year = 	 {1999},
  volume = 	 {7},
  pages = 	 {199--211}
}

@TechReport{Ste98,
  author = 	 {R. Stevenson},
  title = 	 {The Cascade iteration for nonconforming discretizations},
  institution =  {University of Nijmegen},
  year = 	 {1998},
  number = 	 {9803}
}

@Book{Wac66,
  author = 	 {E. Wachspress},
  title = 	 {Iterative Solution of Elliptic Systems},
  publisher = 	 {Prentice-Hall},
  year = 	 {1966},
  address = 	 {Englewood Cliffs, N.J.}
}

@Article{braess-2002-subspace,
  author =       {Dietrich Braess and Peter Deuflhard and Konstantin Lipnikov},
  title =        {A subspace cascadic multigrid method for mortar elements},
  year =         {2002},
  journal =      {Computing},
  volume =       {69},
  number =       {3},
  pages =        {205-225}
}

%%% - Anderson's "Modern Compressible Flow"
@Book{anderson_compressible,
  author = 	 {{John D. Anderson, Jr.}},
  title = 	 {Modern Compressible Flow: With Histroical Perspective},
  publisher = 	 {McGraw Hill},
  year = 	 {1990},
  edition = 	 {2nd}
}

%%% - Anderson's "Hypersonic and High Temperature Gas Dynamics"
@Book{anderson_hypersonic,
  author = 	 {{John D. Anderson, Jr.}},
  title = 	 {Hypersonic and High Temperature Gas Dynamics},
  publisher = 	 {AIAA},
  year = 	 {2000},
  address = 	 {Reston, Virginia}
}

%%% Armstrong's "Expanding the X-15 Envelope to Mach 6.7"
@Misc{armstrong_x15,
  author = 	 {Johnny Armstrong},
  title = 	 {Expanding the X-15 Envelope to {Mach} 6.7},
  howpublished = {\\ \texttt{http://members.aol.com/afftc/X15Story.htm}},
  year = 	 {1997}
}

%%% Ambrosio/Wortman's "Stangation Point Shock Detachment Distance for Flow Around Spheres and Cylinders"
@Article{ambrosio_wortman,
  author = 	 {Alphonso Ambrosio and Andrzej Wortman},
  title = 	 {Stangation Point Shock Detachment Distance for Flow Around Spheres and Cylinders},
  journal = 	 {American Rocket Society},
  year = 	 {1962},
  volume = 	 {32},
  number = 	 {2},
  pages = 	 {285--287},
  month = 	 {February}
}

%%% Bangerth's DealII converence proceedings
@InProceedings{Ban00i,
  author = 	 {Wolfgang Bangerth},
  title = 	 {{Using Modern Features of C{\tiny$^{++}$} for
                   Adaptive Finite Element Methods:
                  {D}imension-Independent Programming in deal.{I}{I}}},
  booktitle = 	 {Proceedings of the 16th IMACS World Congress 2000, Lausanne, 
                  Switzerland, 2000},
  year = 	 2000,
  editor = 	 {Michel Deville and Robert Owens},
  note = 	 {{D}ocument Sessions/118-1}
}

%%% Alegra C++ development
@misc{Alegra,
  author = "K. Budge and J. Peery",
  title = {{Experiences Developing {ALEGRA}: A C{\tiny$^{++}$} Coupled Physics Framework}},
  note = "In M.E Henderson, C. R. Anderson, and S. L. Lyons, editors, Object Oriented Methods for Interoperable Scientific and Engineering Computing",
  url = "citeseer.ist.psu.edu/414680.html",
  year = {1996}
}


@Misc{carey00mgflo,
  author =       {Graham F. Carey and Robert McLay and William Barth
                  and Benjamin Kirk and Spencer Swift},
  title =        {{MGFLO}: Viscous Flow, Heat, Species, and Porous
                  Media Transport in Parallel},
  howpublished = {Poster Presentation, Industrial Affiliates
                  Meeting, University of Texas at Austin},
  month =        {October},
  year =         2000
}

@Article{ZZ87,
		  author= {O. C. Zienkiewicz and J. Z. Zhu},
		  title= {A simple error estimator and adaptive
		  procedure for practical engineering analysis},
		  journal= {International Journal for Numerical Methods in Engineering},
		  volume= 24,
		  year = 1987,
		  pages= {337-357}}

@article{sierra,
 author = {James R. Stewart and H. Carter Edwards},
 title = {A framework approach for developing parallel adaptive multiphysics applications},
 journal = {Finite Elem. Anal. Des.},
 volume = {40},
 number = {12},
 year = {2004},
 issn = {0168-874X},
 pages = {1599--1617},
 doi = {http://dx.doi.org/10.1016/j.finel.2003.10.006},
 publisher = {Elsevier Science Publishers B. V.},
 address = {Amsterdam, The Netherlands, The Netherlands},
 }


@Article{plaza_carey_2000,
		  author= {A.~Plaza and G.~F.~Carey},
		  title= {{Local refinement of simplicial grids based on the skeleton}},
		  journal= {Applied Numerical Mathematics},
		  volume= 32,
		  year = 2000,
		  pages= {195-218}
}

@Article{plaza_padron_carey_2000,
		  author= {A.~Plaza and M.~A.~Padr$\acute{\text{o}}$n and G.~F.~Carey},
		  title= {{A 3D refinement/derefinement algorithm
                           for solving evolution problems}},
		  journal= {Applied Numerical Mathematics},
		  volume= 32,
		  year = 2000,
		  pages= {401-418}
}

@Book{GoF,
  author =       {Erich Gamma and Richard Helm and Ralph Johnson and
                  John Vlissides},
  title =        {{Design Patterns: Elements of Reusable
                  Object-Oriented Software}},
  publisher =    {Addison-Wesley},
  year =         1995
}

@InProceedings{PCG96b,
  author =       {G. F. Carey and R. McLay},
  title =        {{Multi-Level Preconditioners for the Parallel PCG
                  Package, Copper Mtn. Conf. on Multigrid Methods}},
  booktitle =    {Proceedings of the Copper Mountain Conference on
                  Multigrid Methods},
  year =         1995,
  address =      {Copper Mountain, CO},
  month =        {April}
}



@Article{iqbal_carey_2005,
		  author= {S.~Iqbal and G.~F.~Carey},
		  title= {{Performance analysis of dynamic load balancing algorithms with variable number of processors}},
		  journal= {Journal of Parallel and Distributed Computing},
		  volume= 65,
                  number = 8,
		  year = 2005,
		  pages= {934-948}
}


@Book{Bangerth2003,
  author = {W.~Bangerth and R.~Rannacher},
  title = {{Adaptive Finite Element Methods for Differential Equations}},
  publisher = {Birkh\"{a}user Verlag},
  address = {Basel, Switzerland},
  year = 2003
}


@Article{eriksson_1995,
		  author= {K.~Eriksson and D.~Estep and P.~Hansbo and C.~Johnson},
		  title= {{Introduction to adaptive method for differential equations}},
		  journal= {Acta Numer.},
		  volume= 4,
		  year = 1995,
		  pages= {105--158}
}


@Book{eriksson_1996,
  author = {K.~Eriksson and D.~Estep and P.~Hansbo and C.~Johnson},
  title = {{Adaptive Finite Elements}},
  publisher = {Springer-Verlag},
  address = {Berlin},
  year = 1996
}


@Article{estep_2000,
  author = {D.~Estep and M.~Larson and R.~Williams},
  title = {{Estimating the error of numerical solutions
            of systems of nonlinear reaction--diffusion equations}},
  journal= {Memoirs of the American Mathematical Society},
  volume= 696,
  year = 2000,
  pages= {1--109}
}



@Article{estep_1994,
		  author= {D.~Estep and D.~French},
		  title= {{Global error control for the continuous Galerkin
                           finite element method for ordinary differential
                           equations, RAIRO Model}},
		  journal= {Math. Anal. Numer.},
		  volume= 28,
		  year = 1994,
		  pages= {815--852}
}


@Article{estep_2005,
		  author= {D.~Estep and M.~Holst and M.~Larson},
		  title= {{Generalized Green's functions and the
                           effective domain of influence}},
		  journal= {SIAM Journal on Scientific Computing},
		  volume= 26,
		  year = 2005,
		  pages= {1314--1339}
}



@Article{estep_2002,
		  author= {D.~Estep and M.~Holst and D.~Mikulencak},
		  title= {{Accounting for stability: a posteriori estimates
                           based on residuals and variational analysis}},
		  journal= {Communications in Numerical Methods in Engineering},
		  volume= 18,
		  year = 2002,
		  pages= {15--30}
}



@Manual{laspack_manual,
  title = 	 {LASPack Reference Manual},
  author = 	 {Tom\'{a}\^{s} Skalick\'{y}},
  organization = {Dresden University of Technology},
  month = 	 {January},
  year = 	 {1996}
}

@Misc{barth03cluster,
  author =       {William Barth and Benjamin Kirk},
  title =        {{PC} Cluster Construction: Lessons Learned and
                  Friendly Advice},
  howpublished = {Shortcourse on Cluster Computing and Adaptive Finite
                  Element Methods, The University of Western
                  Australia, Perth, Australia},
  month =        {June},
  year =         2003,
  annote =       {Presented by WLB}
}

@Article{carey_1976a,
		  author= {G.~F.~Carey},
		  title= {{A Mesh Refinement Scheme for Finite Element Computations}},
		  journal= {Computer Methods in Applied Mechanics
                            and Engineering},
		  volume= 7,
		  year = 1976,
		  pages= {93--105}
}

@Article{carey_1976b,
		  author= {G.~F.~Carey},
		  title= {{An Analysis of Finite Element Equations and Mesh Subdivision}},
		  journal= {Computer Methods in Applied Mechanics
                            and Engineering},
		  volume= 9,
		  year = 1976,
		  pages= {165--179}
}

@Article{carey_1975,
		  author= {G.~F.~Carey and B.~A.~Finlayson},
		  title= {{Orthogonal Collocation on Finite Elements}},
		  journal= {J. Chemical Engineering Science},
		  volume= 30,
		  year = 1975,
		  pages= {587--596}
}


@Article{carey_1979,
		  author= {G.~F.~Carey},
		  title= {{Adaptive Refinement and Nonlinear Fluid Problems}},
		  journal= {Computer Methods in Applied Mechanics
                            and Engineering},
		  volume= 17,
		  year = 1979,
		  pages= {541--560}
}

@Article{carey_1982,
		  author= {G.~F.~Carey and A.~Kabaila and M.~Utku},
		  title= {{On Penalty Methods for Interelement Constraints}},
		  journal= {Computer Methods in Applied Mechanics
                            and Engineering},
		  volume= 30,
		  year = 1982,
		  pages= {151--171}
}

@Manual{petsc_manual,
  title = 	 {PETSc Users Manual},
  author = 	 {Satish Balay and Kris Buschelman and Victor Eijkhout
                  and William Gropp and Dinesh Kaushik and Matt Knepley
                  and Lois Curfman McInnes and Barry Smith and Hong Zhang},
  organization = {Argonne National Laboratory, Mathematics and Computer Science Division},
  edition = 	 {2.3.0},
  month = 	 {April},
  year = 	 {2005}
}

@TechReport{using_doxygen,
  author = 	 {Michael Imamura},
  title = 	 {{Using Doxygen: A quick guide to getting started and using the Doxygen inline documentation system for documenting source code}},
  institution =  {Linux Users Group at Georgia Tech},
  year = 	 {2002},
  month = 	 {May}
}

@Article{mpich,
  author = {W. Gropp and E. Lusk and N. Doss and A. Skjellum},
  title  = {{MPICH}: A high-performance, portable implementation of the {MPI} message passing interface standard},
  journal = {Parallel Computing},
  volume  = 22,
  number  = 6,
  pages   = {789--828},
  month   = {September},
  year    = 1996
}


@InProceedings{chaco1,
  author =       {Robert Leland and Bruce Hendrickson},
  title =        {{An Empirical Study of Static Load Balancing Algorithms}},
  booktitle =    {Proceedings of SHPCC},
  year =         1994
}



@TechReport{chaco_user_guide,
  author =       {B.~Hendrickson and R.~Leland},
  title  =       {{The Chaco user's guide, version 2.0}},
  number   = {SAND94-2692},
  institution =  {Sandia National Laboratories)},
  address =      {Albuquerque, NM},
  month   =      {October},
  year =         1994
}

@Misc{gnu_lgpl,
  author = 	 {{Free Software Foundation}},
  title = 	 {{GNU Lesser General Public License}},
  howpublished = {\url{http://www.gnu.org/licenses/lgpl.html}},
  month = 	 {February},
  year = 	 {1999},
  Tnote = 	 {Version 2.1}
}

@Article{VaCh04,
  author = {J.~Valenciano and M.~A.~J.~Chaplain},
  title = {{An explicit subparametric spectral element method of lines applied
to a tumor angiogenesis system of partial differential equations}},
  journal = {Mathematical Models and Methods in Applied Sciences},
  year = 2004,
  volume = 14,
  pages = {165--187}
}

@Article{Tumor,
  author = {J.~W.~Peterson and G.~F.~Carey
            and D.~J.~Knezevic and B.~T.~Murray},
  title = {{Adaptive finite element methodology
            for tumor angiogenesis modeling}},
  journal = {Int. J. Numer. Meth. Eng.},
  year = {accepted Mar.\ 2006}
}

@InProceedings{Simedrea_CSCBC,
  author = {P.~Simedrea and L.~Antiga and D.~A.~Steinman},
  title = {Towards a New Framework for Simulating Magnetic Resonance Imaging},
  booktitle = {First Canadian Student Conference on Biomedical Computing},
  year = {2006},
  note ={\url{http://cscbc2006.cs.queensu.ca/assets/documents/Papers/paper108.pdf}}
}

@Article{Schindler_2005,
  author = {M.~Schindler and P.~Talkner and P.~H\"{a}nggi},
  title = {{Computing stationary free-surface shapes in microfluidics}},
  journal = {submitted to J. Fluid Mech.},
  year = {2005},
  note = {\url{http://arxiv.org/pdf/physics/0511217}}
}

@Book{scientific_engineering_cpp,
  author = 	 {John J. Barton and Lee R. Nackman},
  title = 	 {Scientific and Engineering C\tiny$^{++}$\normalsize: An Introduction with Advanced Techniques and Examples},
  publisher = 	 {Addison Wesley},
  year = 	 {1994},
  month = 	 {August}
}

@InProceedings{CloughTocher,
  author = {R. Clough and J. Tocher},
  title  = {Finite element stiffness matrices for analysis of plates
in blending},
  booktitle = {Proceedings of Conference on Matrix Methods in
Structural Analysis},
  year = 1965
}

@ARTICLE{Dreyer-2003,
  author = 	 {D. Dreyer and O. {von Estorff}},
  title = 	 {Improved conditioning of infinite elements for exterior acoustics},
  journal =  {International Journal for Numerical Methods in Engineering},
  year = 	 {2003},
  volume = 	 {58},
  number = 	 {6},
  pages = 	 {933--953}
}



@InProceedings{hpc00,
  author =       {William Barth and Graham F. Carey and Benjamin Kirk
                  and Robert McLay},
  title =        {Parallel Distributed Solution Of Viscous Flow With
                  Heat Transfer On Workstation Clusters},
  booktitle =    {High Performance Computing '00 Proceedings},
  year =         2000,
  address =      {Washington, D.C.},
  month =        {April}
}

@incollection{shewchuk96b,
author = {Jonathan Richard Shewchuk},
title = {Triangle:  {E}ngineering a {2D} {Q}uality {M}esh {G}enerator and {D}elaunay {T}riangulator},
booktitle = {Applied Computational Geometry:  Towards Geometric Engineering},
editor = {Ming C. Lin and Dinesh Manocha},
series = {Lecture Notes in Computer Science},
volume = 1148,
publisher = {Springer-Verlag},
pages = {203--222},
month = may,
year = 1996,
note = {From the First ACM Workshop on Applied Computational Geometry}
}

@Manual{tetgen_manual,
  title = 	 {{TetGen - A Quality Tetrahedral Mesh Generator and Three-Dimensional Delaunay Triangulator}},
  author = 	 {Hang Si},
  organization = {Weierstrass Institute for Applied Analysis and Stochastics},
  address = 	 {Berlin},
  month = 	 {June},
  year = 	 {2005},
}


@Article{ug_PDE,
  author = 	 {P. Bastian and K. Birken and K. Johannsen and S. Lang and N. Neuss and H. Rentz-Reichert and C. Wieners},
  title = 	 {{UG - A Flexible Software Toolbox for Solving Partial Differential Equations}},
  journal = 	 {Computing and Visualization in Science},
  year = 	 {1997},
  pages = 	 {27--40}
}



% References coming from Steffen
@Article{PeteS06,
   author =   {Petersen, S. and Dreyer, D. and {von Estorff}, O.},
   title =    {Assessment of finite and spectral element shape functions
              for efficient iterative simulations of interior acoustics},
   journal =  {Computer Methods in Applied Mechanics and Engineering},
   year =     {2006},
   volume =   {(in press)},
   number =   {},
   pages =    {}
}

@Article{DreyD06,
   author =   {Dreyer, D. and Petersen, S. and {von Estorff}, O.},
   title =    {Effectiveness and robustness of improved infinite
               elements for exterior acoustics},
   journal =  {Computer Methods in Applied Mechanics and Engineering},
   year =     {2006},
   volume =   {195},
   number =   {29-32},
   pages =    {3591-3607},
   note  =    {}
}

@Article{BrinM06,
   author =   {Brinkmeier, M. and Nackenhorst, U. and Petersen, S. and 
{von Estorff}, O.},
   title =    {A Numerical Model for the Simulation of Tire Rolling Noise},
   journal =  {Journal of Sound and Vibration},
   year =     {2006},
   volume =   {(submitted)},
   number =   {},
   pages =    {},
   note  =    {}
}

% Kirk AIAA 2006
@Unpublished{kirk_AIAA-2006-0180,
  author = 	 {Jeremiah J. Marichalar and William C. Rochelle and Benjamin S. Kirk and Charles H. Campbell},
  title = 	 {{BLIMPK/Streamline Surface Catalytic Heating Predictions on the Space Shuttle Orbiter}},
  note = 	 {{44\textsuperscript{th} AIAA Aerospace Sciences Meeting and Exhibit, AIAA Paper 2006-180}},
  month = 	 {January},
  year = 	 {2006},
}

@Unpublished{lu_2005_biophysical_poster,
  author = 	 {S. Lu and M. J. Holst and  R. E. Bank and  A. D. McCulloch and A. Michailova},
  title = 	 {3D model of synchronous calcium signaling in ventricular myocyte},
  note = 	 {Biophysical society annual meeting abstract issue},
  year = 	 {2005},
}

@Book{bank_pltmg,
author = {R. E. Bank},
title  = {{PLTMG: A Software Package for Solving Elliptic Partial Differential
           Equations, Users' Guide 8.0, Software, Environments and Tools, Vol. 5}},
publisher = {SIAM, Philadelphia},
year = {1998}
}

% Birken, K. and Johannsen, K. and  Lang, S. and Neu, N. and Rentz-Reichert, H. and Wieners, C.
@Article{ug_library,
author = {Bastian, P. and et. al},
title  = {{UG -- A flexible software toolbox for solving partial differential equations}},
journal = {Computing and Visualization in Science},
volume = 1,
year  = 1997,
pages = {27--40}
}



@Article{devloo_M2AN,
author = {P.~R.~B.~Devloo and G.~C.~Longhin},
title  = {{Object oriented design philosophy for scientific computing}},
journal = {Mathematical Modelling and Numerical Analysis},
volume = 36,
year  = 2002,
pages = {793--807}
}


@Article{demkowicz_hp,
author = {L.~Demkowicz and W.~Rachowicz and P.~R.~B.~Devloo},
title  = {{A fully automatic $hp$-adaptivity}},
journal = {J. Scientific Computing},
volume = 17,
year  = 2002,
pages = {127--155}
}

@InProceedings{CUBIT,
  author = 	 {R.~J. Meyers. and T.~J. Tautges and P.~M. Tuchinsky},
  title =        {The Hex-Tet Hex-Dominant Meshing Algorithm as Implemented
in {CUBIT}},
  booktitle =    {Proceedings of the 7th International Meshing Roundtable},
  year = 1998,
  month = "October",
  pages = "151--158"
}
